@fortune{
  title = {Google's sexist algorithms offer an important lesson in diversity},
  author = {Higginbotham, Stacey},
  institution = {Fortune},
  type = {News article},
  year = {2015}
},

@chatbotsmagazine{
  title = {Are we training AI to be sexist?},
  author = {Moloney, Charlie},
  type = {Working Paper},
  series = {Working Paper Series},
  year = {2017},
},

@article{
  author = {Caliskan, Aylin and Bryson, Joanna J.  and Narayanan, Arvind},
  title = {Semantics derived automatically from language corpora contain human-like biases},
  journal = {Science Magazine},
  year = {2017},
},
